@article{MetaCookie,
  title={スマートフォンにおける多様な振動フィードバックがユーザーの印象に与える影響},
  author={白神翔太 and 木下雄一朗 and 郷健太郎},
  journal={日本ヒューマンインタフェース学会論文誌},
  volume={18},
  number={4},
  pages={95--106},
  year={2016 (閲覧日:2023-6-9)},
  publisher={日本ヒューマンインタフェース学会論文誌}
}

@misc{maho,
  title        = {Akpala},
  howpublished = {\url{https://www.akpala-vr.com/}},
  note         = {(閲覧日1/24/2024)}
}

￼
@article{memeta,
    title={安定した振動呈示のためのフィードバック制御による振動子},
    author={丹羽真隆 and 野間春生 and 柳田康幸 and 保坂憲一 and Robert W.Lindeman} 
    journal={日本バーチャルリアリティ学会論文誌}
    volume={11}
    number={1}
    pages={59--68}
    year={2006}
    publisher={日本ヒューマンインタフェース学会論文誌 閲覧日:2023-6-12}
    
}


@misc{DQG,
        author = {Square Enix},
        title = {剣神ドラゴンクエスト},
        note = {\url{https://www.jp.square-enix.com/game/detail/sdq/}},
        year = {(閲覧日:2023-6-15)}
        }

@misc{HP,
        author = {Universal studio Japan},
        title = {ワンド・マジック},
        note = {\url{https://www.usj.co.jp/web/ja/jp/attractions/wand-magic}},
        year = {(閲覧日:2023-6-15)}
        }
