@misc{smart,
title = {スマートフォンにおける多様な振動フィードバックがユーザの印象に与える影響},
author = {白神 翔太 and 木下 雄一郎 and 郷 健太郎},
journal = {ヒューマンインタフェース学会論文誌},
pages = {403--414},
year = {2016}
}

@misc{unity,
    title = {Unity公式サイト},
    howpublished = {\url{https://unity.com/ja}}
    note = {(閲覧日 9/10/2023)}
}
@misc{arduino,
    title = {Arduino公式サイト},
    howpublished = {\url{https://www.arduino.cc/}}
    note = {(閲覧日1/23/2024)}
}

@misc{DQN,
    title = {剣神ドラゴンクエスト},
    howpublished = {\url{https://www.jp.square-enix.com/game/detail/sdq/}}
    note = {(閲覧日7/15/2023)}
}